
@article{Haichao,
author = {Miao, Haichao and Klein, Tobias and Kořil, David and Mindek, Peter and Schatz, Karsten and Gröller, Eduard and Kozlikova, Barbora and Isenberg, Tobias and Viola, Ivan},
year = {2018},
month = {09},
pages = {},
title = {Multiscale Molecular Visualization},
volume = {431},
journal = {Journal of Molecular Biology},
doi = {10.1016/j.jmb.2018.09.004}
}

@book{Taylor,
author={R.M.Taylor},
year={2000},
month={02},
pages={74-79},
title={Practical Scientific Visualization Examples},
volume={34},
journal={Computer Graphics}
}
@article{Bouvier,
author = {Bouvier, Nicole and Palese, Peter},
year = {2008},
month = {10},
pages = {D49-53},
title = {The Biology of influenza viruses},
volume = {26 Suppl 4},
journal = {Vaccine},
doi = {10.1016/j.vaccine.2008.07.039}
}

@article{Mittal,
author = {Mittal, Anshumali and Manjunath, Kavyashree and Ranjan, Rajesh and Kaushik, Sandeep and Verma, Vikash},
year = {2020},
month = {08},
pages = {e1008762},
title = {COVID-19 pandemic: Insights into structure, function, and hACE2 receptor recognition by SARS-CoV-2},
volume = {16},
journal = {PLOS Pathogens},
doi = {10.1371/journal.ppat.1008762}
}
@article{Goodsell,
author={Goodsell D.},
year={2006},
title={PDB101: Molecule of the Month: Hemagglutinin},
url={ https://pdb101.rcsb.org/motm/76.}
}

@article{Hagen,
author={Hagen A.},
year={2020},
month={10},
title="COVID-19 and the Flu"},
journal={ASM.org},
url={https://asm.org/Articles/2020/July/COVID-19-and-the-Flu}
}
@article{CDC,
author={Centers for Disease Control and Prevention},
title={Types of Influenza Viruses},
year={2019},
month={11},
url={https://www.cdc.gov/flu/about/viruses/types.htm.}}


@article{Zeinab,
author={Abdelrahman Zeinab, Li Mengyuan, Wang Xiaosheng},
title={Comparative Review of SARS-CoV-2, SARS-CoV, MERS-CoV, and Influenza A Respiratory Viruses},
journal={Frontiers in Immunology},     
volume={11},
year={2020},
pages={2309},
doi={10.3389/fimmu.2020.552909}
}

@article{Lu,
title={Binding of the influenza virus NS1 protein to double-stranded RNA inhibits the activation of the protein kinase that phosphorylates the elF-2 translation initiation factor},
author={Lu, Wambach and Katze, Krug},
journal={Virology},
year={1995},
doi={10.1006/viro.1995.9937}
}




@article{Kumar,
author = {Kumar, Prasun and Bansal, Manju},
title = {Dissecting $\pi$-helices: sequence, structure and function},
journal = {The FEBS Journal},
volume = {282},
number = {22},
pages = {4415-4432},
doi = {https://doi.org/10.1111/febs.13507},
url = {https://febs.onlinelibrary.wiley.com/doi/abs/10.1111/febs.13507},
year = {2015}
}

@article{Levy,
title={Water and proteins: A love-hate relationship},
author={Levy, Onuchic},
journal={Proceedings of the National Academy of Sciences},
volume={101},
number={10},
pages={3325-3326},
year={2004}
}

@article{Saintz,
title={The AromatVc Domain of the Coronavirus Class I Viral Fusion Protein Induces Membrane Permeabilization:  Putative Role during Viral Entry},
author={ B.Sainz, J.M.Rausch and W.R.Gallaher, R.F.Garry and W.C.Wimley},
journal={Biochemistry},
volume={44},
number={3},
pages={947-958},
year={2005}
}

@article{Altschul,
title={Sequence Alignment},
author={Altschul SF, Pop M. Sequence Alignment},
journal={Handbook of Discrete and Combinatorial Mathematics},
volume={2},
year={2017},
month={11},
url={https://www.ncbi.nlm.nih.gov/books/NBK464187/ }
}
